<record xmlns="http://www.loc.gov/MARC21/slim">
   <leader>02526cam a2200385 i 4500</leader>
   <controlfield tag="001">6815469</controlfield>
   <controlfield tag="003">OCoLC</controlfield>
   <controlfield tag="005">20150220084524.0</controlfield>
   <controlfield tag="008">140314t20152015nyua          000 j eng d</controlfield>
   <datafield ind1=" " ind2=" " tag="020">
      <subfield code="a">1476786569</subfield>
      <subfield code="q">hardback</subfield>
   </datafield>
   <datafield ind1=" " ind2=" " tag="020">
      <subfield code="a">9781476786568</subfield>
      <subfield code="q">hardback</subfield>
   </datafield>
   <datafield ind1=" " ind2=" " tag="020">
      <subfield code="z">9781476786575</subfield>
      <subfield code="q">ebook</subfield>
   </datafield>
   <datafield ind1=" " ind2=" " tag="035">
      <subfield code="a">ocn873006643</subfield>
   </datafield>
   <datafield ind1=" " ind2=" " tag="040">
      <subfield code="a">YDXCP</subfield>
      <subfield code="b">eng</subfield>
      <subfield code="e">rda</subfield>
      <subfield code="c">YDXCP</subfield>
      <subfield code="d">BTCTA</subfield>
      <subfield code="d">BDX</subfield>
      <subfield code="d">MR0</subfield>
      <subfield code="d">ZHB</subfield>
      <subfield code="d">NDD</subfield>
      <subfield code="d">UAF</subfield>
      <subfield code="d">OCLCF</subfield>
      <subfield code="d">VP@</subfield>
      <subfield code="d">OCO</subfield>
      <subfield code="d">VWM</subfield>
      <subfield code="d">B@L</subfield>
      <subfield code="d">FOLLT</subfield>
      <subfield code="d">MOF</subfield>
      <subfield code="d">IXA</subfield>
      <subfield code="d">SXP</subfield>
      <subfield code="d">UAB</subfield>
      <subfield code="d">AEU</subfield>
   </datafield>
   <datafield ind1=" " ind2=" " tag="043">
      <subfield code="a">n-us---</subfield>
   </datafield>
   <datafield ind1=" " ind2="4" tag="050">
      <subfield code="a">PS3602.E7556</subfield>
      <subfield code="b">A6 2015</subfield>
   </datafield>
   <datafield ind1="0" ind2="4" tag="082">
      <subfield code="a">813/.6</subfield>
      <subfield code="2">23</subfield>
   </datafield>
   <datafield ind1=" " ind2=" " tag="090">
      <subfield code="a">PS 3602 E7556 A6 2015</subfield>
      <subfield code="b">AEU</subfield>
   </datafield>
   <datafield ind1="1" ind2=" " tag="100">
      <subfield code="a">Bergman, Megan Mayhew,</subfield>
      <subfield code="e">author.</subfield>
   </datafield>
   <datafield ind1="1" ind2="0" tag="240">
      <subfield code="a">Short stories.</subfield>
      <subfield code="k">Selections</subfield>
   </datafield>
   <datafield ind1="1" ind2="0" tag="245">
      <subfield code="a">Almost famous women :</subfield>
      <subfield code="b">stories /</subfield>
      <subfield code="c">Megan Mayhew Bergman.</subfield>
   </datafield>
   <datafield ind1=" " ind2=" " tag="250">
      <subfield code="a">First Scribner hardcover edition.</subfield>
   </datafield>
   <datafield ind1=" " ind2="1" tag="264">
      <subfield code="a">New York :</subfield>
      <subfield code="b">Scribner,</subfield>
      <subfield code="c">2015.</subfield>
   </datafield>
   <datafield ind1=" " ind2="4" tag="264">
      <subfield code="c">©2015</subfield>
   </datafield>
   <datafield ind1=" " ind2=" " tag="300">
      <subfield code="a">236 pages :</subfield>
      <subfield code="b">illustrations ;</subfield>
      <subfield code="c">22 cm</subfield>
   </datafield>
   <datafield ind1=" " ind2=" " tag="336">
      <subfield code="a">text</subfield>
      <subfield code="b">txt</subfield>
      <subfield code="2">rdacontent</subfield>
   </datafield>
   <datafield ind1=" " ind2=" " tag="337">
      <subfield code="a">unmediated</subfield>
      <subfield code="b">n</subfield>
      <subfield code="2">rdamedia</subfield>
   </datafield>
   <datafield ind1=" " ind2=" " tag="338">
      <subfield code="a">volume</subfield>
      <subfield code="b">nc</subfield>
      <subfield code="2">rdacarrier</subfield>
   </datafield>
   <datafield ind1="0" ind2=" " tag="505">
      <subfield code="a">Pretty, grown-together children -- Siege at Whale Cay -- Norma Millay's film noir period -- Romaine remains -- Hazel Eaton and the wall of death -- Autobiography of Allegra Byron -- Expression theory -- Saving Butterfly McQueen -- Who killed Dolly Wilde? -- High-grade bitch sits down for lunch -- Internees -- Lottery, redux -- Hell-diving women.</subfield>
   </datafield>
   <datafield ind1=" " ind2=" " tag="520">
      <subfield code="a">A collection of stories that explores the lives of talented, gutsy women throughout history. Now Megan Mayhew Bergman resurrects these women, lets them live in the reader's imagination, so we can explore their difficult choices. Nearly every story in this collection is based on a woman who attained some celebrity--she raced speed boats or was a conjoined twin in show business; a reclusive painter of renown; a member of the first all-female, integrated swing band. We see Lord Byron's illegitimate daughter, Allegra; Oscar Wilde's troubled niece, Dolly; "West With the Night" author Beryl Markham; Edna St. Vincent Millay's sister, Norma. These extraordinary stories travel the world, explore the past (and delve into the future), and portray fiercely independent women defined by their acts of bravery, creative impulses, and sometimes reckless decisions.</subfield>
   </datafield>
   <datafield ind1=" " ind2=" " tag="596">
      <subfield code="a">43</subfield>
   </datafield>
   <datafield ind1=" " ind2="0" tag="650">
      <subfield code="a">Women</subfield>
      <subfield code="v">Fiction.</subfield>
   </datafield>
   <datafield ind1=" " ind2="0" tag="650">
      <subfield code="a">Short stories, American.</subfield>
   </datafield>
   <datafield ind1=" " ind2=" " tag="949">
      <subfield code="a">PS 3602 E7556 A6 2015</subfield>
      <subfield code="h">UAHS-B</subfield>
      <subfield code="i">0162035250271</subfield>
   </datafield>
   <datafield ind1=" " ind2=" " tag="926">
      <subfield code="a">PS 3602 E7556 A6 2015</subfield>
      <subfield code="w">LC</subfield>
      <subfield code="c">1</subfield>
      <subfield code="i">0162035250271</subfield>
      <subfield code="d">9/15/2015</subfield>
      <subfield code="e">9/2/2015</subfield>
      <subfield code="l">ON_SHELF</subfield>
      <subfield code="m">UAHSS</subfield>
      <subfield code="n">1</subfield>
      <subfield code="p">$150.00</subfield>
      <subfield code="r">Y</subfield>
      <subfield code="s">Y</subfield>
      <subfield code="t">BOOK</subfield>
      <subfield code="u">3/4/2015</subfield>
   </datafield>
</record>
